@book{goldstein2014,
	author = {Goldstein and Safko and Poole},
	title = {Classical Mechanics},
	date = {2014},
}
@book{greiner2010,
	author = {Greiner, W},
	title = {Classical Mechanics: System of Particles and Hamiltonian  Dynamics},
	date = {2010},
}
@article{ola2013,
	author = {Jarab'ah, O and Nawafleh, K and Ghassib, H},
	title = {A Hamilton-Jacobi Treatment of Dissipative Systems},
	journaltitle = {European Scientific Journal},
	date = {2013},
}
@book{eric2013,
	author = {Ayars, E},
	title = {Computational Physics With Python},
	date = {2013},
}


@article{ku,
	author = {Ku, Y. H. and Sun, X},
	title = {CHAOS in Van der Pol's Equation},
	journaltitle = {Journal of the Franklin Institute},
	date = {s.f.},
}
